<?xml version = "1.0" encoding = "UTF-8"?><OAI-PMH xmlns="http://www.openarchives.org/OAI/2.0/" xmlns:xsi="http://www.w3.org/2001/XMLSchema-instance" xsi:schemaLocation="http://www.openarchives.org/OAI/2.0/ http://www.openarchives.org/OAI/2.0/OAI-PMH.xsd"><ListRecords><record><header><identifier>aleph-publish:021018924</identifier></header><metadata><record xmlns="http://www.ddb.de/professionell/mabxml/mabxml-1.xsd"><leader>------M2.01200024------h</leader><controlfield tag="LDR">------M2.01200024------h</controlfield><controlfield tag="FMT">MH</controlfield><datafield tag="001" ind1="-" ind2="1"><subfield code="a">HT018848736</subfield></datafield><datafield tag="002" ind1="a" ind2="1"><subfield code="a">20160105</subfield></datafield><datafield tag="025" ind1="o" ind2="1"><subfield code="a">1074453053</subfield></datafield><datafield tag="026" ind1="-" ind2="1"><subfield code="a">HBZHT018848736</subfield></datafield><controlfield tag="030">a|zur||||||17</controlfield><datafield tag="036" ind1="a" ind2="1"><subfield code="a">IN</subfield></datafield><datafield tag="037" ind1="b" ind2="1"><subfield code="a">san</subfield><subfield code="a">hin</subfield></datafield><controlfield tag="050">a|||||||||||||</controlfield><controlfield tag="051">n|||||||</controlfield><datafield tag="060" ind1="-" ind2="1"><subfield code="b">txt</subfield><subfield code="a">Text</subfield></datafield><datafield tag="061" ind1="-" ind2="1"><subfield code="b">n</subfield><subfield code="a">ohne Hilfsmittel zu benutzen</subfield></datafield><datafield tag="062" ind1="-" ind2="1"><subfield code="b">nc</subfield><subfield code="a">Band</subfield></datafield><datafield tag="070" ind1="-" ind2="1"><subfield code="a">5/141</subfield></datafield><datafield tag="080" ind1="-" ind2="1"><subfield code="a">60</subfield></datafield><datafield tag="100" ind1="-" ind2="1"><subfield code="p">Yaśovijaya</subfield><subfield code="d">1624-1688</subfield><subfield code="9">(DE-588)120192691</subfield></datafield><datafield tag="101" ind1="-" ind2="1"><subfield code="p">Yaśovijaya</subfield><subfield code="c">Sūri</subfield><subfield code="d">1624-1688</subfield></datafield><datafield tag="101" ind1="-" ind2="1"><subfield code="p">Yaśovijaya Sūri</subfield><subfield code="d">1624-1688</subfield></datafield><datafield tag="101" ind1="-" ind2="1"><subfield code="p">Yaśovijayagaṇi</subfield><subfield code="d">1624-1688</subfield></datafield><datafield tag="101" ind1="-" ind2="1"><subfield code="p">Yaśodevasūrī</subfield><subfield code="d">1624-1688</subfield></datafield><datafield tag="101" ind1="-" ind2="1"><subfield code="p">Yaśovijaya</subfield><subfield code="c">Gaṇi</subfield><subfield code="d">1624-1688</subfield></datafield><datafield tag="101" ind1="-" ind2="1"><subfield code="p">Yaśovijayasūri</subfield><subfield code="d">1624-1688</subfield></datafield><datafield tag="101" ind1="-" ind2="1"><subfield code="p">Yaśovijayopādhyāya</subfield><subfield code="d">1624-1688</subfield></datafield><datafield tag="101" ind1="-" ind2="1"><subfield code="p">Yashovijayopadhyaya</subfield><subfield code="d">1624-1688</subfield></datafield><datafield tag="101" ind1="-" ind2="1"><subfield code="p">Yaśovijaya Upādhyāya</subfield><subfield code="d">1624-1688</subfield></datafield><datafield tag="101" ind1="-" ind2="1"><subfield code="p">Yashovijay Upadhyay</subfield><subfield code="d">1624-1688</subfield></datafield><datafield tag="101" ind1="-" ind2="1"><subfield code="p">Yaśovijayaj</subfield><subfield code="d">1624-1688</subfield></datafield><datafield tag="101" ind1="-" ind2="1"><subfield code="p">Yaśovijayajī, Mahopādhyāya</subfield><subfield code="d">1624-1688</subfield></datafield><datafield tag="101" ind1="-" ind2="1"><subfield code="p">Yashovijayaji, Upadhyayaji</subfield><subfield code="d">1624-1688</subfield></datafield><datafield tag="104" ind1="b" ind2="1"><subfield code="p">Yaśovijaya Sūri</subfield><subfield code="d">1921-</subfield><subfield code="4">cmm</subfield><subfield code="3">Kommentator</subfield><subfield code="9">(DE-588)1080816232</subfield></datafield><datafield tag="105" ind1="-" ind2="1"><subfield code="p">Yaśovijayasūri</subfield><subfield code="d">1921-</subfield></datafield><datafield tag="105" ind1="-" ind2="1"><subfield code="p">Yaśovijayasūrījī</subfield><subfield code="c">Ācārya</subfield><subfield code="d">1921-</subfield></datafield><datafield tag="105" ind1="-" ind2="1"><subfield code="p">Yaśovijaya</subfield><subfield code="c">Sūri</subfield><subfield code="d">1921-</subfield></datafield><datafield tag="105" ind1="-" ind2="1"><subfield code="p">Nareśa</subfield><subfield code="d">1921-</subfield></datafield><datafield tag="303" ind1="-" ind2="1"><subfield code="p">Yaśovijaya</subfield><subfield code="d">1624-1688</subfield><subfield code="t">Dravya-guṇa-paryāyano rāsa</subfield></datafield><datafield tag="303" ind1="t" ind2="1"><subfield code="p">Yaśovijaya</subfield><subfield code="d">1624-1688</subfield><subfield code="t">Dravya-guṇa-paryāyarāsano ṭabo</subfield></datafield><datafield tag="303" ind1="t" ind2="1"><subfield code="p">Yaśovijaya Sūri</subfield><subfield code="d">1921-</subfield><subfield code="t">Dravyānuyogaparāmarśa</subfield></datafield><datafield tag="303" ind1="t" ind2="1"><subfield code="p">Yaśovijaya Sūri</subfield><subfield code="d">1921-</subfield><subfield code="t">Adhyātma anuyoga</subfield></datafield><datafield tag="331" ind1="-" ind2="1"><subfield code="a">Dravya-guṇa-paryāya kā rāsa</subfield></datafield><datafield tag="335" ind1="-" ind2="1"><subfield code="a">abhinava Adhyātma anuyoga vibhūṣita</subfield></datafield><datafield tag="359" ind1="-" ind2="1"><subfield code="a">Mahāmahopādhyāya Śrīyaśovijayajī Ma.Sā. viracita svopajñaṭabārtha yukta ; Adhyātma anuyoga ke racayitā Ācārya Yaśovijayasūri</subfield></datafield><datafield tag="419" ind1="-" ind2="1"><subfield code="a">Ahamadābāda</subfield><subfield code="b">Lā.Da. Bhāratīya Saṃskṛti Vidyāmandira</subfield><subfield code="c">2015</subfield></datafield><datafield tag="425" ind1="b" ind2="1"><subfield code="a">2015</subfield></datafield><datafield tag="451" ind1="-" ind2="1"><subfield code="a">Lālabhāī Dalapatabhāī Bhāratīya Saṃskṛti Vidyāmandira granthaśreṇī ; ...</subfield></datafield><datafield tag="503" ind1="-" ind2="1"><subfield code="p">Übers. d. Hauptsacht.</subfield><subfield code="a">Sammlung über Substanz, Eigenschaften, Substanzzustände [mit Kommentaren]</subfield></datafield><datafield tag="516" ind1="a" ind2="1"><subfield code="a">Text in Sanskrit, Alt-Gujarati, Hindi</subfield></datafield><datafield tag="516" ind1="b" ind2="1"><subfield code="a">Text in Devanagari-Schrift</subfield></datafield><datafield tag="521" ind1="-" ind2="1"><subfield code="t">Dravya-guṇa-paryāyano rāsa</subfield><subfield code="r">Yaśovijaya</subfield></datafield><datafield tag="521" ind1="-" ind2="1"><subfield code="t">Dravya-guṇa-paryāyarāsano ṭabo</subfield><subfield code="r">Yaśovijaya</subfield></datafield><datafield tag="521" ind1="-" ind2="1"><subfield code="t">Dravyānuyogaparāmarśa</subfield><subfield code="r">Yaśovijaya Sūri</subfield></datafield><datafield tag="521" ind1="-" ind2="1"><subfield code="t">Adhyātma anuyoga</subfield><subfield code="r">Yaśovijaya Sūri</subfield></datafield><datafield tag="523" ind1="-" ind2="1"><subfield code="p">Erschienen</subfield><subfield code="a">Bhāga 1 - 2</subfield></datafield><datafield tag="670" ind1="-" ind2="1"><subfield code="a">Dravya-guṇ-paryāy kā rās</subfield></datafield><datafield tag="700" ind1="b" ind2="1"><subfield code="a">181.044</subfield><subfield code="c">22</subfield></datafield><controlfield tag="SYS">021018924</controlfield><datafield tag="LOW" ind1="-" ind2="1"><subfield code="a">Q1026</subfield></datafield><datafield tag="088" ind1=" " ind2=" "><subfield code="a">5/141</subfield></datafield></record></metadata></record></ListRecords></OAI-PMH>